# dissertation.bib
# Dissertation References

@phdthesis{dissertation:devietti:2012,
	author	= {Devietti, Joseph},
	advisor	= {Ceze, Luis},
	title	= {Deterministic Execution for Arbitrary Multithreaded Programs},
	year		= {2012},
	isbn		= {978-1-267-91515-3},
	note		= {AAI3552763},
	publisher	= {University of Washington},
	address 	= {Seattle, WA, USA},
} # http://dl.acm.org/citation.cfm?id=2521035&coll=DL&dl=GUIDE&CFID=289338556&CFTOKEN=66836570
