# inproceedings.bib
# Papers submitted for conferences.

@INPROCEEDINGS{inproceedings:zhang:2013,
	author		= {Yulu Zhang and Xinyuan Guo and Hai Jiang and Kuan-Ching Li},
	booktitle	= {Software Engineering, Artificial Intelligence, Networking and Parallel/Distributed Computing (SNPD), 2013 14th ACIS International Conference on},
	title		= {A Checkpoint/Restart Scheme for CUDA Applications with Complex Memory Hierarchy},
	year		= {2013},
	month		= {July},
	pages		= {247-252},
	keywords	= {checkpointing;fault tolerant computing;parallel architectures;program compilers;storage management;CPU system memory;CUDA applications;GPU batch-mode execution;GPU computation state restoration;GPU computation state saving;application-level checkpoint-restart scheme;complex memory hierarchy;high performance computing;long-term fault tolerance;memory use;precompiler;run-time support module;scalability;scientific application;secondary storage;Arrays;Graphics processing units;Kernel;Libraries;Radiation detectors;Registers;CUDA;GPU;checkpoint/start},
	doi			= {10.1109/SNPD.2013.5}
}

@inproceedings{inproceedings:bartolini:2010,
	author 		= {Bartolini, Andrea and Cacciari, Matteo and Tilli, Andrea and Benini, Luca and Gries, Matthias},
	title 		= {A Virtual Platform Environment for Exploring Power, Thermal and Reliability Management Control Strategies in High-performance Multicores},
	booktitle 	= {Proceedings of the 20th Symposium on Great Lakes Symposium on VLSI},
	series 		= {GLSVLSI '10},
	year 		= {2010},
	isbn 		= {978-1-4503-0012-4},
	location 	= {Providence, Rhode Island, USA},
	pages 		= {311--316},
	numpages 	= {6},
	url 		= {http://doi.acm.org/10.1145/1785481.1785553},
	doi 		= {10.1145/1785481.1785553},
	acmid 		= {1785553},
	publisher 	= {ACM},
	address 	= {New York, NY, USA},
	keywords 	= {control system, multicore, resource managment},
} # http://dl.acm.org/citation.cfm?id=1785553

@inproceedings{inproceedings:schumacher:2010,
	author 		= {Schumacher, Christoph and Leupers, Rainer and Petras, Dietmar and Hoffmann, Andreas},
	title 		= {parSC: Synchronous Parallel Systemc Simulation on Multi-core Host Architectures},
	booktitle 	= {Proceedings of the Eighth IEEE/ACM/IFIP International Conference on Hardware/Software Codesign and System Synthesis},
	series 		= {CODES/ISSS '10},
	year 		= {2010},
	isbn 		= {978-1-60558-905-3},
	location 	= {Scottsdale, Arizona, USA},
	pages 		= {241--246},
	numpages 	= {6},
	url 		= {http://doi.acm.org/10.1145/1878961.1879005},
	doi 		= {10.1145/1878961.1879005},
	acmid 		= {1879005},
	publisher 	= {ACM},
	address 	= {New York, NY, USA},
	keywords 	= {conservative, parallel simulation, systemc, tightly-coupled},
} # http://dl.acm.org/citation.cfm?id=1879005&dl=ACM&coll=DL&CFID=289338556&CFTOKEN=66836570

@inproceedings{inproceedings:yu:2012,
	author 		= {Yu, Tingting and Srisa-an, Witawas and Rothermel, Gregg},
	title 		= {SimTester: A Controllable and Observable Testing Framework for Embedded Systems},
	booktitle 	= {Proceedings of the 8th ACM SIGPLAN/SIGOPS Conference on Virtual Execution Environments},
	series 		= {VEE '12},
	year 		= {2012},
	isbn 		= {978-1-4503-1176-2},
	location 	= {London, England, UK},
	pages 		= {51--62},
	numpages 	= {12},
	url 		= {http://doi.acm.org/10.1145/2151024.2151034},
	doi 		= {10.1145/2151024.2151034},
	acmid 		= {2151034},
	publisher 	= {ACM},
	address 	= {New York, NY, USA},
	keywords 	= {concurrency, device drivers, kernels, testing},
} 

@inproceedings{inproceedings:regola:2010,
	author 		= {Regola, Nathan and Ducom, Jean-Christophe},
	title 		= {Recommendations for Virtualization Technologies in High Performance Computing},
	booktitle 	= {Proceedings of the 2010 IEEE Second International Conference on Cloud Computing Technology and Science},
	series 		= {CLOUDCOM '10},
	year 		= {2010},
	isbn 		= {978-0-7695-4302-4},
	pages 		= {409--416},
	numpages 	= {8},
	url 		= {http://dx.doi.org/10.1109/CloudCom.2010.71},
	doi 		= {10.1109/CloudCom.2010.71},
	acmid 		= {1931816},
	publisher 	= {IEEE Computer Society},
	address 	= {Washington, DC, USA},
} # http://dl.acm.org/citation.cfm?id=1931816

@inproceedings{inproceedings:bellard:2005,
	author 		= {Bellard, Fabrice},
	title 		= {QEMU, a Fast and Portable Dynamic Translator},
	booktitle 	= {Proceedings of the Annual Conference on USENIX Annual Technical Conference},
	series 		= {ATEC '05},
	year 		= {2005},
	location 	= {Anaheim, CA},
	pages 		= {41--41},
	numpages 	= {1},
	url 		= {http://dl.acm.org/citation.cfm?id=1247360.1247401},
	acmid 		= {1247401},
	publisher 	= {USENIX Association},
	address 	= {Berkeley, CA, USA},
} # http://dl.acm.org/citation.cfm?id=1247360.1247401

@INPROCEEDINGS{inproceedings:shen:2010,
	author		= {Shye-Tzeng Shen and Shin-Ying Lee and Chung-Ho Chen},
	booktitle	= {Circuits and Systems (ISCAS), Proceedings of 2010 IEEE International Symposium on},
	title		= {Full system simulation with QEMU: An approach to multi-view 3D GPU design},
	year		= {2010},
	month		= {May},
	pages		= {3877-3880},
	keywords	= {computer debugging;computer graphic equipment;coprocessors;hardware-software codesign;logic design;ESL design process;GPU;QEMU;SoC development;associated device drivers debugging;graphic processing unit;hardware-software full system co-verification;multiview 3D GPU design;Application software;Bridges;Computational modeling;Computer architecture;Design engineering;Graphics;Hardware design languages;Operating systems;Software tools;Virtual machining},
	doi			= {10.1109/ISCAS.2010.inproceedings:shen:2010},
} # http://ieeexplore.ieee.org/xpl/login.jsp?tp=&arnumber=inproceedings:shen:2010&url=http%3A%2F%2Fieeexplore.ieee.org%2Fxpls%2Fabs_all.jsp%3Farnumber%3D5537690

@inproceedings{inproceedings:guo:2013,
	author 		= {Guo, Xinyuan and Jiang, Hai and Li, Kuan-Ching},
	title 		= {A Checkpoint/Restart Scheme for CUDA Applications with Complex Memory Hierarchy},
	booktitle 	= {Proceedings of the 2013 14th ACIS International Conference on Software Engineering, Artificial Intelligence, Networking and Parallel/Distributed Computing},
	series 		= {SNPD '13},
	year 		= {2013},
	isbn 		= {978-0-7695-5005-3},
	pages 		= {247--252},
	numpages 	= {6},
	url 		= {http://dx.doi.org/10.1109/SNPD.2013.5},
	doi 		= {10.1109/SNPD.2013.5},
	acmid 		= {2553303},
	publisher 	= {IEEE Computer Society},
	address 	= {Washington, DC, USA},
	keywords 	= {GPU, CUDA, checkpoint/start},
} # http://dl.acm.org/citation.cfm?id=2553191.2553303&coll=DL&dl=GUIDE&CFID=407206678&CFTOKEN=88731686

@inproceedings{inproceedings:youseff:2006,
	author 		= {Youseff, Lamia and Wolski, Rich and Gorda, Brent and Krintz, Chandra},
	title 		= {Paravirtualization for HPC Systems},
	booktitle 	= {Proceedings of the 2006 International Conference on Frontiers of High Performance Computing and Networking},
	series 		= {ISPA'06},
	year 		= {2006},
	isbn 		= {3-540-49860-5, 978-3-540-49860-5},
	location 	= {Sorrento, Italy},
	pages 		= {474--486},
	numpages 	= {13},
	url 		= {http://dx.doi.org/10.1007/11942634_49},
	doi 		= {10.1007/11942634_49},
	acmid 		= {2081820},
	publisher 	= {Springer-Verlag},
	address 	= {Berlin, Heidelberg},
} # http://dl.acm.org/citation.cfm?id=2081820
