# journals.bib
# Papers published in journals.

# Notes:
# * Is Dr. Dobbs (journals:holzmann:1997) to be considered a scientific journal? Consider moving to magazines.

@article{journals:lee:2006,
	author 		= {Lee, Edward A.},
	title 		= {The Problem with Threads},
	journal 	= {Computer},
	issue_date 	= {May 2006},
	volume 		= {39},
	number 		= {5},
	month 		= may,
	year 		= {2006},
	issn 		= {0018-9162},
	pages 		= {33--42},
	numpages 	= {10},
	url 		= {http://dx.doi.org/10.1109/MC.2006.180},
	doi 		= {10.1109/MC.2006.180},
	acmid 		= {1137289},
	publisher 	= {IEEE Computer Society Press},
	address 	= {Los Alamitos, CA, USA},
	keywords 	= {Coordination languages, Design patterns, Nondeterminism, Programming paradigms, Programming paradigms, Threads, Nondeterminism, Design patterns, Coordination languages, Threads},
} # http://dl.acm.org/citation.cfm?id=1137289

@article{journals:akgul:2004,
	author 		= {Akgul, Tankut and Mooney III, Vincent J.},
	title 		= {Assembly Instruction Level Reverse Execution for Debugging},
	journal 	= {ACM Trans. Softw. Eng. Methodol.},
	issue_date 	= {April 2004},
	volume 		= {13},
	number 		= {2},
	month 		= apr,
	year 		= {2004},
	issn 		= {1049-331X},
	pages 		= {149--198},
	numpages 	= {50},
	url 		= {http://doi.acm.org/10.1145/1018210.1018211},
	doi 		= {10.1145/1018210.1018211},
	acmid 		= {1018211},
	publisher 	= {ACM},
	address 	= {New York, NY, USA},
	keywords 	= {Debugging, reverse code generation, reverse execution},
} # http://dl.acm.org/citation.cfm?id=1018211

@article{journals:magnusson:2002,
	author 		= {Magnusson, Peter S. and Christensson, Magnus and Eskilson, Jesper and Forsgren, Daniel and H{\aa}llberg, Gustav and H\"{o}gberg, Johan and Larsson, Fredrik and Moestedt, Andreas and Werner, Bengt},
	title 		= {Simics: A Full System Simulation Platform},
	journal 	= {Computer},
	issue_date 	= {February 2002},
	volume 		= {35},
	number 		= {2},
	month 		= feb,
	year 		= {2002},
	issn 		= {0018-9162},
	pages 		= {50--58},
	numpages 	= {9},
	url 		= {http://dx.doi.org/10.1109/2.982916},
	doi 		= {10.1109/2.982916},
	acmid 		= {621909},
	publisher 	= {IEEE Computer Society Press},
	address 	= {Los Alamitos, CA, USA},
} 

@article{journals:koerner:2009,
	author 		= {Koerner, S. and Kohler, A. and Babinsky, J. and Pape, H. and Eickhoff, F. and Kriese, S. and Elfering, H.},
	title 		= {IBM System Z10 Firmware Simulation},
	journal 	= {IBM J. Res. Dev.},
	issue_date 	= {January 2009},
	volume 		= {53},
	number 		= {1},
	month 		= jan,
	year 		= {2009},
	issn 		= {0018-8646},
	pages 		= {131--142},
	numpages 	= {12},
	url 		= {http://dl.acm.org/citation.cfm?id=1850618.1850630},
	acmid 		= {1850630},
	publisher 	= {IBM Corp.},
	address 	= {Riverton, NJ, USA},
} # http://dl.acm.org/citation.cfm?id=1850630

@article{journals:holzmann:1997,
	author 		= {Holzmann, Gerard J.},
	title 		= {Spin Model Checking - Reliable Design of Concurrent Software},
	journal 	= {Dr. Dobb's Journal},
	issue_date 	= {October 1997},
	volume 		= {},
	number 		= {1},
	month 		= oct,
	year 		= {1997},
	issn 		= {},
	pages 		= {92-97},
	numpages 	= {6},
	url 		= {},
	acmid 		= {},
	publisher 	= {Computing Principles Research Dept.},
	address 	= {Bell Laboratories 2C-521, Murray Hill, NJ 07974, USA},
} # http://collaboration.cmc.ec.gc.ca/science/rpn/biblio/ddj/Website/articles/DDJ/1997/9710/9710i/9710i.htm

@article{journals:ortiz:2009,
	author 		= {Ortiz, Andr{\'e}s and Ortega, Julio and D\'{\i}az, Antonio F. and Casc\'{o}n, Pablo and Prieto, Alberto},
	title 		= {Protocol Offload Analysis by Simulation},
	journal 	= {J. Syst. Archit.},
	issue_date 	= {January, 2009},
	volume 		= {55},
	number 		= {1},
	month 		= jan,
	year 		= {2009},
	issn 		= {1383-7621},
	pages 		= {25--42},
	numpages 	= {18},
	url 		= {http://dx.doi.org/10.1016/j.sysarc.2008.07.005},
	doi 		= {10.1016/j.sysarc.2008.07.005},
	acmid 		= {1466228},
	publisher 	= {Elsevier North-Holland, Inc.},
	address 	= {New York, NY, USA},
	keywords 	= {Full-system simulation, HDL simulation, LAWS model, Network interfaces, Protocol offloading, Simics},
} # http://dl.acm.org/citation.cfm?id=1466228

@article{journals:villa:2005,
	author 		= {Villa, F. J. and Acacio, M. E. and Garc\'{\i}a, J. M.},
	title 		= {Evaluating IA-32 Web Servers Through Simics: A Practical Experience},
	journal 	= {J. Syst. Archit.},
	issue_date 	= {April 2005},
	volume 		= {51},
	number 		= {4},
	month 		= apr,
	year 		= {2005},
	issn 		= {1383-7621},
	pages 		= {251--264},
	numpages 	= {14},
	url 		= {http://dx.doi.org/10.1016/j.sysarc.2004.09.003},
	doi 		= {10.1016/j.sysarc.2004.09.003},
	acmid 		= {1073762},
	publisher 	= {Elsevier North-Holland, Inc.},
	address 	= {New York, NY, USA},
	keywords 	= {commercial applications, full system simulators, multiprocessor systems, simics},
} 

@article{journals:alameldeen:2003,
	author 		= {Alameldeen, Alaa R. and Martin, Milo M. K. and Mauer, Carl J. and Moore, Kevin E. and Xu, Min and Hill, Mark D. and Wood, David A. and Sorin, Daniel J.},
	title 		= {Simulating a \$2M Commercial Server on a \$2K PC},
	journal 	= {Computer},
	issue_date 	= {February 2003},
	volume 		= {36},
	number 		= {2},
	month 		= feb,
	year 		= {2003},
	issn 		= {0018-9162},
	pages 		= {50--57},
	numpages 	= {8},
	url 		= {http://dx.doi.org/10.1109/MC.2003.1178046},
	doi 		= {10.1109/MC.2003.1178046},
	acmid 		= {642228},
	publisher 	= {IEEE Computer Society Press},
	address 	= {Los Alamitos, CA, USA},
} # http://dl.acm.org/citation.cfm?id=642219.642228

@article{journals:rosenblum:1995,
	author 		= {Rosenblum, Mendel and Herrod, Stephen A. and Witchel, Emmett and Gupta, Anoop},
	title 		= {Complete Computer System Simulation: The SimOS Approach},
	journal 	= {IEEE Parallel Distrib. Technol.},
	issue_date 	= {December 1995},
	volume 		= {3},
	number 		= {4},
	month 		= dec,
	year 		= {1995},
	issn 		= {1063-6552},
	pages 		= {34--43},
	numpages 	= {10},
	url 		= {http://dx.doi.org/10.1109/88.473612},
	doi 		= {10.1109/88.473612},
	acmid 		= {613919},
	publisher 	= {IEEE Computer Society Press},
	address 	= {Los Alamitos, CA, USA},
} 

@article{journals:cohen:1979,
	author		= {Cohen, Jacques},
	title 		= {Non-Deterministic Algorithms},
	journal 	= {ACM Comput. Surv.},
	issue_date 	= {June 1979},
	volume 		= {11},
	number 		= {2},
	month 		= jun,
	year 		= {1979},
	issn 		= {0360-0300},
	pages 		= {79--94},
	numpages 	= {16},
	url 		= {http://doi.acm.org/10.1145/356770.356773},
	doi 		= {10.1145/356770.356773},
	acmid 		= {356773},
	publisher 	= {ACM},
	address 	= {New York, NY, USA},
} # http://dl.acm.org.miman.bib.bth.se/citation.cfm?id=356773

@article{journals:aarno:2013,
	author		= {Aarno, Daniel and Engblom, Jakob},
	title 		= {SIMICS* OVERVIEW},
	journal 	= {Intel Technology Journal},
	issue_date 	= {December 2013},
	volume 		= {17},
	number 		= {2},
	month 		= dec,
	year 		= {2013},
	issn 		= {1535-864x},
	isbn 		= {978-1-934053-62-1},
	pages 		= {8--31},
	numpages 	= {23},
	#url 		= {http://intel.ly/1cY2bM7},
	#doi 		= {},
	#acmid 		= {356773},
	publisher 	= {Intel Corporation},
	address 	= {Santa Clara, CA, USA},
}

@article{journals:smith:2005,
	author 		= {Smith, James E. and Nair, Ravi},
	title 		= {The Architecture of Virtual Machines},
	journal 	= {Computer},
	issue_date 	= {May 2005},
	volume 		= {38},
	number 		= {5},
	month 		= may,
	year 		= {2005},
	issn 		= {0018-9162},
	pages 		= {32--38},
	numpages 	= {7},
	url 		= {http://dx.doi.org/10.1109/MC.2005.173},
	doi 		= {10.1109/MC.2005.173},
	acmid 		= {1069632},
	publisher 	= {IEEE Computer Society Press},
	address 	= {Los Alamitos, CA, USA},
	keywords 	= {VM taxonomy, computer architectures, disk storage, software systems, virtual machines, virtualization technology, virtualization technology, virtual machines, disk storage, computer architectures, VM taxonomy, software systems},
} # http://dl.acm.org/citation.cfm?id=1069632

@article{journals:barham:2003,
	author 		= {Barham, Paul and Dragovic, Boris and Fraser, Keir and Hand, Steven and Harris, Tim and Ho, Alex and Neugebauer, Rolf and Pratt, Ian and Warfield, Andrew},
	title 		= {Xen and the Art of Virtualization},
	journal 	= {SIGOPS Oper. Syst. Rev.},
	issue_date 	= {December 2003},
	volume 		= {37},
	number 		= {5},
	month 		= oct,
	year 		= {2003},
	issn 		= {0163-5980},
	pages 		= {164--177},
	numpages 	= {14},
	url 		= {http://doi.acm.org/10.1145/1165389.945462},
	doi 		= {10.1145/1165389.945462},
	acmid 		= {945462},
	publisher 	= {ACM},
	address 	= {New York, NY, USA},
	keywords 	= {hypervisors, paravirtualization, virtual machine monitors},
} # http://dl.acm.org/citation.cfm?id=945462

@article{journals:yi:2006,
	author 		= {Yi, Joshua J. and Lilja, David J.},
	title 		= {Simulation of Computer Architectures: Simulators, Benchmarks, Methodologies, and Recommendations},
	journal 	= {IEEE Trans. Comput.},
	issue_date 	= {March 2006},
	volume 		= {55},
	number 		= {3},
	month 		= mar,
	year 		= {2006},
	issn 		= {0018-9340},
	pages 		= {268--280},
	numpages 	= {13},
	url 		= {http://dx.doi.org/10.1109/TC.2006.44},
	doi 		= {10.1109/TC.2006.44},
	acmid 		= {1112765},
	publisher 	= {IEEE Computer Society},
	address 	= {Washington, DC, USA},
	keywords 	= {Simulation, Simulation, modeling of computer architecture, measurement techniques, modeling techniques, measurement, evaluation, modeling, simulation of multiple-processor systems., evaluation, measurement, measurement techniques, modeling, modeling of computer architecture, modeling techniques, simulation of multiple-processor systems.},
} # http://dl.acm.org/citation.cfm?id=1112765

@article{journals:veselyi:2013,
	author		= {Veselyi, Alexey and Ayers, John},
	title 		= {EARLY HARDWARE REGISTER VALIDATION WITH SIMICS*},
	journal 	= {Intel Technology Journal},
	issue_date 	= {December 2013},
	volume 		= {17},
	number 		= {2},
	month 		= dec,
	year 		= {2013},
	issn 		= {1535-864x},
	isbn 		= {978-1-934053-62-1},
	pages 		= {100--111},
	numpages 	= {23},
	#url 		= {http://intel.ly/1cY2bM7},
	#doi 		= {},
	#acmid 		= {356773},
	publisher 	= {Intel Corporation},
	address 	= {Santa Clara, CA, USA},
}
