# papers.bib
# References to papers not published in journals.

@inbook{papers:bergan:2011,
	title		= {The Deterministic Execution Hammer: How Well Does it Actually Pound Nails?}, 
	booktitle	= {Workshop on Determinism and Correctness in Parallel Programming}, 
	author		= {Bergan, Tom and Devietti, Joeseph and Hunt, Nicholas and Ceze, Luis}, 
	year		= {2011}
}

# TODO: This is erronously named:
@article{magazines:bartholomew:2006,
	author 			= {A. Whitaker, M. Shaw, and S. D. Gribble.},
	title 			= {Denali: Lightweight Virtual Machines for Distributed and Networked Applications},
	howpublished 	= {Technical Report},
	month 			= feb,
	year 			= {2002},
	#url 			= {},
	publisher 		= {The University of Washington},
	#address 		= {},
}

@article{papers:nilsson:2013,
	author 			= {E. Nilsson, and M. Fredriksson.},
	title 			= {PERFORMANCE VARIATIONS IN EMULATED GPGPU KERNELS},
	howpublished 	= {Paper},
	month 			= jan,
	year 			= {2014},
	url 			= {http://bit.ly/1n0EchA},
	publisher 		= {Blekinge Institute of Technology},
	address 		= {Karlskrona, Blekinge, Sweden},
}
