# publications.bib
# Lone publication references, such as books.

@book{publications:harris:2007,
	author 		= {Harris, David and Harris, Sarah},
	title 		= {Digital Design and Computer Architecture},
	year 		= {2007},
	isbn 		= {0123704979},
	publisher 	= {Morgan Kaufmann Publishers Inc.},
	address 	= {San Francisco, CA, USA},
} # http://dl.acm.org/citation.cfm?id=1201987&coll=DL&dl=GUIDE&CFID=288673305&CFTOKEN=18699666

@book{publications:kirk:2010,
	author 		= {Kirk, David B. and Hwu, Wen-mei W.},
	title 		= {Programming Massively Parallel Processors: A Hands-on Approach},
	year 		= {2010},
	isbn 		= {0123814723, 9780123814722},
	edition 	= {1st},
	publisher 	= {Morgan Kaufmann Publishers Inc.},
	address 	= {San Francisco, CA, USA},
} # http://dl.acm.org/citation.cfm?id=1841511&coll=DL&dl=GUIDE&CFID=289338556&CFTOKEN=66836570

@book{publications:leupers:2010,
	author 		= {Leupers, Rainer and Temam, Olivier},
	title 		= {Processor and System-on-Chip Simulation},
	year 		= {2010},
	isbn 		= {1441961747, 9781441961747},
	edition 	= {1st},
	publisher 	= {Springer Publishing Company, Incorporated},
} # http://dl.acm.org/citation.cfm?id=1941317

@book{publications:smith:2005,
	author 		= {Smith, Jim and Nair, Ravi},
	title 		= {Virtual Machines: Versatile Platforms for Systems and Processes (The Morgan Kaufmann Series in Computer Architecture and Design)},
	year 		= {2005},
	isbn 		= {1558609105},
	publisher 	= {Morgan Kaufmann Publishers Inc.},
	address 	= {San Francisco, CA, USA},
} # http://dl.acm.org/citation.cfm?id=1204009

@book{publications:wright:2010,
	author		= {Wright, Richard S. and Haemel, Nicholas and Sellers, Graham and Lipchak, Benjamin},
	title		= {OpenGL SuperBible: Comprehensive Tutorial and Reference},
	year		= {2010},
	isbn		= {0321712617, 9780321712615},
	edition		= {5th},
	publisher 	= {Addison-Wesley Professional},
} # http://dl.acm.org/citation.cfm?id=1895026

@book{publications:munshi:2008,
	author		= {Munshi, Aaftab and Ginsburg, Dan and Shreiner, Dave},
	title		= {OpenGL(R) ES 2.0 Programming Guide},
	year		= {2008},
	isbn		= {0321502795, 9780321502797},
	edition		= {1},
	publisher 	= {Addison-Wesley Professional},
} # http://dl.acm.org/citation.cfm?id=1481069