# technicaldocs.bib
# Technical documents, such as API-documentation and similarly information-intense source material.

@misc{technicaldocs:khronos:2014,
	author 			= {Khronos Group},
	year 			= {2014},
	month			= {January},
	title 			= {Conformant Products},
	howpublished 		= {Available: \url{http://bit.ly/1lCLiMK}},
	note			= {Accessed: 06-02-2014}
}
