# web.bib
# References on the web.

@misc{web:windriver:2014,
	author 			= {Wind River Systems, Inc.},
	year 			= {2014},
	title 			= {NASA MEETS SATELLITE PROJECT TESTING AND VERIFICATION GOALS WITH WIND RIVER SIMICS},
	howpublished 	= {Available: \url{http://bit.ly/1eltFqU}},
	note			= {Accessed: 10-02-2014}
}

@misc{web:nasa:2014,
	author 			= {NASA},
	year 			= {2014},
	month			= {January},
	title 			= {Independent Test Capability (ITC)},
	howpublished 	= {Available: \url{http://1.usa.gov/1bHVIAQ}},
	note			= {Accessed: 10-02-2014}
}

@misc{web:engblom:2013:collaboratingusingsimics,
	author 			= {Jakob Engblom},
	year 			= {2013},
	month			= {May},
	title 			= {Collaborating using Simics Recording Checkpoints},
	howpublished 	= {Available: \url{http://bit.ly/1nN23Dn}},
	note			= {Accessed: 04-02-2014}
}

@misc{web:engblom:2013:backtorevexe,
	author 			= {Jakob Engblom},
	year 			= {2013},
	month			= {June},
	title 			= {Back to Reverse Execution},
	howpublished 	= {Available: \url{http://bit.ly/1nN9pH5}},
	note			= {Accessed: 04-02-2014}
}

@misc{web:engblom:2012:determinism,
	author 			= {Jakob Engblom},
	year 			= {2012},
	month			= {November},
	title 			= {Determinism, Simics, and Flying Piggies},
	howpublished 	= {Available: \url{http://bit.ly/1bmWkMb}},
	note			= {Accessed: 04-02-2014}
}

@misc{web:microsoft:2013:warp,
	author 			= {Microsoft},
	year 			= {2013},
	title 			= {Windows Advanced Rasterization Platform (WARP) Guide},
	howpublished 	= {Available: \url{http://bit.ly/19hiwrZ}},
	note			= {Accessed: 04-02-2014}
}

@misc{web:ducrohet:2012:afasteremulator,
	author 			= {Ducrohet, Xavier and Meier, Reto},
	year 			= {2012},
	month			= {April},
	title 			= {A Faster Emulator with Better Hardware Support},
	howpublished 	= {Available: \url{http://bit.ly/Lv2tPA}},
	note			= {Accessed: 04-02-2014}
}

@misc{web:google:2013:usingtheemulator,
	author 			= {Google},
	year 			= {2013},
	title 			= {Using the Emulator},
	howpublished 	= {Available: \url{http://bit.ly/1bqCh2G}},
	note			= {Accessed: 04-02-2014}
}

@misc{web:jones:2009,
	author 			= {Jones, Tim M.},
	year 			= {2009},
	month			= {October},
	title 			= {Linux virtualization and PCI passthrough},
	howpublished 	= {Available: \url{http://ibm.co/1eTEnpm}},
	note			= {Accessed: 05-02-2014}
}

@misc{web:miller:2010,
	author 			= {Miller, Jessica},
	year 			= {2010},
	month			= {February},
	title 			= {Wind River to Add Virtutech Simics Products to Comprehensive Embedded Software Portfolio},
	howpublished 	= {Available: \url{http://bit.ly/1g0jbj2}},
	note			= {Accessed: 04-05-2014}
}
